@Online{nvidia-whatis-gpuac,
author = "Nvidia",
publisher = "nvidia.com",
title = "WHAT IS GPU COMPUTING?",
howpublished = "\url{http://www.nvidia.com/object/what-is-gpu-computing.html}",
note = {Last Accessed: 2015-04-22}
}

@Online{how-gpu-acc-works,
author = "Nvidia",
title = "Image on: How does GPU acceleration work?",
howpublished = "\url{http://www.nvidia.com/docs/IO/143716/how-gpu-acceleration-works.png}",
note = {Last Accessed: 2015-04-22}

@Online{cpu-vs-gpu,
author = "Nvidia",
title = "Image on: CPU versus GPU",
howpublished = "\url{http://www.nvidia.com/docs/IO/143716/cpu-and-gpu.jpg}",
note = {Last Accessed: 2015-04-22}